%YAML 1.1
%TAG !u! tag:unity3d.com,2011:
--- !u!114 &2989367432237480703
MonoBehaviour:
  m_ObjectHideFlags: 0
  m_CorrespondingSourceObject: {fileID: 0}
  m_PrefabInstance: {fileID: 0}
  m_PrefabAsset: {fileID: 0}
  m_GameObject: {fileID: 6502892236570537148}
  m_Enabled: 1
  m_EditorHideFlags: 0
  m_Script: {fileID: 11500000, guid: 42a978d46c1f12744ba4b5350258f1a8, type: 3}
  m_Name: 
  m_EditorClassIdentifier: 
  targetUnit: {fileID: 6502892236692530847}
--- !u!1 &6502892236647504361
GameObject:
  m_ObjectHideFlags: 0
  m_CorrespondingSourceObject: {fileID: 0}
  m_PrefabInstance: {fileID: 0}
  m_PrefabAsset: {fileID: 0}
  serializedVersion: 6
  m_Component:
  - component: {fileID: 6502892236647504360}
  - component: {fileID: 6502892236647504363}
  m_Layer: 0
  m_Name: SelectionMarker
  m_TagString: Untagged
  m_Icon: {fileID: 0}
  m_NavMeshLayer: 0
  m_StaticEditorFlags: 0
  m_IsActive: 0
--- !u!4 &6502892236647504360
Transform:
  m_ObjectHideFlags: 0
  m_CorrespondingSourceObject: {fileID: 0}
  m_PrefabInstance: {fileID: 0}
  m_PrefabAsset: {fileID: 0}
  m_GameObject: {fileID: 6502892236647504361}
  m_LocalRotation: {x: -0, y: 0.7071068, z: -0.7071068, w: 0}
  m_LocalPosition: {x: 0, y: 0.1, z: 0}
  m_LocalScale: {x: 2.5, y: 2.5, z: 1}
  m_Children: []
  m_Father: {fileID: 6502892236692530844}
  m_RootOrder: 1
  m_LocalEulerAnglesHint: {x: 90, y: 0, z: 0}
--- !u!212 &6502892236647504363
SpriteRenderer:
  m_ObjectHideFlags: 0
  m_CorrespondingSourceObject: {fileID: 0}
  m_PrefabInstance: {fileID: 0}
  m_PrefabAsset: {fileID: 0}
  m_GameObject: {fileID: 6502892236647504361}
  m_Enabled: 1
  m_CastShadows: 0
  m_ReceiveShadows: 0
  m_DynamicOccludee: 1
  m_MotionVectors: 1
  m_LightProbeUsage: 1
  m_ReflectionProbeUsage: 1
  m_RayTracingMode: 0
  m_RenderingLayerMask: 1
  m_RendererPriority: 0
  m_Materials:
  - {fileID: 10754, guid: 0000000000000000f000000000000000, type: 0}
  m_StaticBatchInfo:
    firstSubMesh: 0
    subMeshCount: 0
  m_StaticBatchRoot: {fileID: 0}
  m_ProbeAnchor: {fileID: 0}
  m_LightProbeVolumeOverride: {fileID: 0}
  m_ScaleInLightmap: 1
  m_ReceiveGI: 1
  m_PreserveUVs: 0
  m_IgnoreNormalsForChartDetection: 0
  m_ImportantGI: 0
  m_StitchLightmapSeams: 1
  m_SelectedEditorRenderState: 0
  m_MinimumChartSize: 4
  m_AutoUVMaxDistance: 0.5
  m_AutoUVMaxAngle: 89
  m_LightmapParameters: {fileID: 0}
  m_SortingLayerID: 0
  m_SortingLayer: 0
  m_SortingOrder: 0
  m_Sprite: {fileID: 21300000, guid: 257ed0f471e354849ad3421d86c030c2, type: 3}
  m_Color: {r: 0, g: 1, b: 0.06287718, a: 1}
  m_FlipX: 0
  m_FlipY: 0
  m_DrawMode: 0
  m_Size: {x: 0.64, y: 0.64}
  m_AdaptiveModeThreshold: 0.5
  m_SpriteTileMode: 0
  m_WasSpriteAssigned: 1
  m_MaskInteraction: 0
  m_SpriteSortPoint: 0
--- !u!1 &6502892236692530845
GameObject:
  m_ObjectHideFlags: 0
  m_CorrespondingSourceObject: {fileID: 0}
  m_PrefabInstance: {fileID: 0}
  m_PrefabAsset: {fileID: 0}
  serializedVersion: 6
  m_Component:
  - component: {fileID: 6502892236692530844}
  - component: {fileID: 6502892236692530846}
  - component: {fileID: 6502892236692530847}
  - component: {fileID: 6502892236692530832}
  - component: {fileID: 6502892236692530833}
  m_Layer: 9
  m_Name: Skeleton
  m_TagString: Untagged
  m_Icon: {fileID: 0}
  m_NavMeshLayer: 0
  m_StaticEditorFlags: 0
  m_IsActive: 1
--- !u!4 &6502892236692530844
Transform:
  m_ObjectHideFlags: 0
  m_CorrespondingSourceObject: {fileID: 0}
  m_PrefabInstance: {fileID: 0}
  m_PrefabAsset: {fileID: 0}
  m_GameObject: {fileID: 6502892236692530845}
  m_LocalRotation: {x: 0, y: 0, z: 0, w: 1}
  m_LocalPosition: {x: -3.5, y: 0, z: -14.32}
  m_LocalScale: {x: 1, y: 1, z: 1}
  m_Children:
  - {fileID: 6502892236570177692}
  - {fileID: 6502892236647504360}
  - {fileID: 6502892237221531376}
  - {fileID: 6502892236756041806}
  m_Father: {fileID: 0}
  m_RootOrder: 0
  m_LocalEulerAnglesHint: {x: 0, y: 0, z: 0}
--- !u!195 &6502892236692530846
NavMeshAgent:
  m_ObjectHideFlags: 0
  m_CorrespondingSourceObject: {fileID: 0}
  m_PrefabInstance: {fileID: 0}
  m_PrefabAsset: {fileID: 0}
  m_GameObject: {fileID: 6502892236692530845}
  m_Enabled: 1
  m_AgentTypeID: 0
  m_Radius: 0.85
  m_Speed: 8
  m_Acceleration: 16
  avoidancePriority: 50
  m_AngularSpeed: 360
  m_StoppingDistance: 0
  m_AutoTraverseOffMeshLink: 1
  m_AutoBraking: 1
  m_AutoRepath: 1
  m_Height: 2
  m_BaseOffset: 0
  m_WalkableMask: 4294967295
  m_ObstacleAvoidanceType: 4
--- !u!114 &6502892236692530847
MonoBehaviour:
  m_ObjectHideFlags: 0
  m_CorrespondingSourceObject: {fileID: 0}
  m_PrefabInstance: {fileID: 0}
  m_PrefabAsset: {fileID: 0}
  m_GameObject: {fileID: 6502892236692530845}
  m_Enabled: 1
  m_EditorHideFlags: 0
  m_Script: {fileID: 11500000, guid: f26eaa2e6274d894f8a16db49877ab7a, type: 3}
  m_Name: 
  m_EditorClassIdentifier: 
  selectionMarker: {fileID: 6502892236647504361}
  fieldOfViewCollider: {fileID: 6502892237221531378}
  team: 0
  sightDistance: 10
  maxHp: 80
  attackRange: 2.5
  attackSpeed: 0.5
  damage: {x: 7, y: 12}
  hpBar: {fileID: 6502892237977227435}
--- !u!54 &6502892236692530832
Rigidbody:
  m_ObjectHideFlags: 0
  m_CorrespondingSourceObject: {fileID: 0}
  m_PrefabInstance: {fileID: 0}
  m_PrefabAsset: {fileID: 0}
  m_GameObject: {fileID: 6502892236692530845}
  serializedVersion: 2
  m_Mass: 1
  m_Drag: 0
  m_AngularDrag: 0.05
  m_UseGravity: 0
  m_IsKinematic: 1
  m_Interpolate: 0
  m_Constraints: 0
  m_CollisionDetection: 0
--- !u!136 &6502892236692530833
CapsuleCollider:
  m_ObjectHideFlags: 0
  m_CorrespondingSourceObject: {fileID: 0}
  m_PrefabInstance: {fileID: 0}
  m_PrefabAsset: {fileID: 0}
  m_GameObject: {fileID: 6502892236692530845}
  m_Material: {fileID: 0}
  m_IsTrigger: 0
  m_Enabled: 1
  m_Radius: 0.85
  m_Height: 3
  m_Direction: 1
  m_Center: {x: 0, y: 1.3, z: 0}
--- !u!1 &6502892237221531377
GameObject:
  m_ObjectHideFlags: 0
  m_CorrespondingSourceObject: {fileID: 0}
  m_PrefabInstance: {fileID: 0}
  m_PrefabAsset: {fileID: 0}
  serializedVersion: 6
  m_Component:
  - component: {fileID: 6502892237221531376}
  - component: {fileID: 6502892237221531378}
  - component: {fileID: 6502892237221531379}
  m_Layer: 0
  m_Name: FieldOfView
  m_TagString: Untagged
  m_Icon: {fileID: 0}
  m_NavMeshLayer: 0
  m_StaticEditorFlags: 0
  m_IsActive: 1
--- !u!4 &6502892237221531376
Transform:
  m_ObjectHideFlags: 0
  m_CorrespondingSourceObject: {fileID: 0}
  m_PrefabInstance: {fileID: 0}
  m_PrefabAsset: {fileID: 0}
  m_GameObject: {fileID: 6502892237221531377}
  m_LocalRotation: {x: -0, y: 1, z: -0, w: 0}
  m_LocalPosition: {x: 0, y: 0, z: 0}
  m_LocalScale: {x: 1, y: 1, z: 1}
  m_Children: []
  m_Father: {fileID: 6502892236692530844}
  m_RootOrder: 2
  m_LocalEulerAnglesHint: {x: 0, y: 0, z: 0}
--- !u!135 &6502892237221531378
SphereCollider:
  m_ObjectHideFlags: 0
  m_CorrespondingSourceObject: {fileID: 0}
  m_PrefabInstance: {fileID: 0}
  m_PrefabAsset: {fileID: 0}
  m_GameObject: {fileID: 6502892237221531377}
  m_Material: {fileID: 0}
  m_IsTrigger: 1
  m_Enabled: 1
  serializedVersion: 2
  m_Radius: 10
  m_Center: {x: 0, y: 0, z: 0}
--- !u!114 &6502892237221531379
MonoBehaviour:
  m_ObjectHideFlags: 0
  m_CorrespondingSourceObject: {fileID: 0}
  m_PrefabInstance: {fileID: 0}
  m_PrefabAsset: {fileID: 0}
  m_GameObject: {fileID: 6502892237221531377}
  m_Enabled: 1
  m_EditorHideFlags: 0
  m_Script: {fileID: 11500000, guid: bb99c716844c252489ecc481ccee9377, type: 3}
  m_Name: 
  m_EditorClassIdentifier: 
  targetUnit: {fileID: 6502892236692530847}
--- !u!1001 &6502892236570569298
PrefabInstance:
  m_ObjectHideFlags: 0
  serializedVersion: 2
  m_Modification:
    m_TransformParent: {fileID: 6502892236692530844}
    m_Modifications:
    - target: {fileID: 100000, guid: 5a35c5f0a89b9654d897ccd7c8f81bd0, type: 3}
      propertyPath: m_Layer
      value: 0
      objectReference: {fileID: 0}
    - target: {fileID: 100002, guid: 5a35c5f0a89b9654d897ccd7c8f81bd0, type: 3}
      propertyPath: m_Layer
      value: 0
      objectReference: {fileID: 0}
    - target: {fileID: 100004, guid: 5a35c5f0a89b9654d897ccd7c8f81bd0, type: 3}
      propertyPath: m_Layer
      value: 0
      objectReference: {fileID: 0}
    - target: {fileID: 100006, guid: 5a35c5f0a89b9654d897ccd7c8f81bd0, type: 3}
      propertyPath: m_Layer
      value: 0
      objectReference: {fileID: 0}
    - target: {fileID: 100008, guid: 5a35c5f0a89b9654d897ccd7c8f81bd0, type: 3}
      propertyPath: m_Layer
      value: 0
      objectReference: {fileID: 0}
    - target: {fileID: 100010, guid: 5a35c5f0a89b9654d897ccd7c8f81bd0, type: 3}
      propertyPath: m_Layer
      value: 0
      objectReference: {fileID: 0}
    - target: {fileID: 100012, guid: 5a35c5f0a89b9654d897ccd7c8f81bd0, type: 3}
      propertyPath: m_Layer
      value: 0
      objectReference: {fileID: 0}
    - target: {fileID: 100014, guid: 5a35c5f0a89b9654d897ccd7c8f81bd0, type: 3}
      propertyPath: m_Layer
      value: 0
      objectReference: {fileID: 0}
    - target: {fileID: 100016, guid: 5a35c5f0a89b9654d897ccd7c8f81bd0, type: 3}
      propertyPath: m_Layer
      value: 0
      objectReference: {fileID: 0}
    - target: {fileID: 100018, guid: 5a35c5f0a89b9654d897ccd7c8f81bd0, type: 3}
      propertyPath: m_Layer
      value: 0
      objectReference: {fileID: 0}
    - target: {fileID: 100020, guid: 5a35c5f0a89b9654d897ccd7c8f81bd0, type: 3}
      propertyPath: m_Layer
      value: 0
      objectReference: {fileID: 0}
    - target: {fileID: 100022, guid: 5a35c5f0a89b9654d897ccd7c8f81bd0, type: 3}
      propertyPath: m_Layer
      value: 0
      objectReference: {fileID: 0}
    - target: {fileID: 100024, guid: 5a35c5f0a89b9654d897ccd7c8f81bd0, type: 3}
      propertyPath: m_Layer
      value: 0
      objectReference: {fileID: 0}
    - target: {fileID: 100026, guid: 5a35c5f0a89b9654d897ccd7c8f81bd0, type: 3}
      propertyPath: m_Layer
      value: 0
      objectReference: {fileID: 0}
    - target: {fileID: 100028, guid: 5a35c5f0a89b9654d897ccd7c8f81bd0, type: 3}
      propertyPath: m_Layer
      value: 0
      objectReference: {fileID: 0}
    - target: {fileID: 100030, guid: 5a35c5f0a89b9654d897ccd7c8f81bd0, type: 3}
      propertyPath: m_Layer
      value: 0
      objectReference: {fileID: 0}
    - target: {fileID: 100032, guid: 5a35c5f0a89b9654d897ccd7c8f81bd0, type: 3}
      propertyPath: m_Layer
      value: 0
      objectReference: {fileID: 0}
    - target: {fileID: 100034, guid: 5a35c5f0a89b9654d897ccd7c8f81bd0, type: 3}
      propertyPath: m_Layer
      value: 0
      objectReference: {fileID: 0}
    - target: {fileID: 100036, guid: 5a35c5f0a89b9654d897ccd7c8f81bd0, type: 3}
      propertyPath: m_Layer
      value: 0
      objectReference: {fileID: 0}
    - target: {fileID: 100038, guid: 5a35c5f0a89b9654d897ccd7c8f81bd0, type: 3}
      propertyPath: m_Layer
      value: 0
      objectReference: {fileID: 0}
    - target: {fileID: 100040, guid: 5a35c5f0a89b9654d897ccd7c8f81bd0, type: 3}
      propertyPath: m_Layer
      value: 0
      objectReference: {fileID: 0}
    - target: {fileID: 100042, guid: 5a35c5f0a89b9654d897ccd7c8f81bd0, type: 3}
      propertyPath: m_Layer
      value: 0
      objectReference: {fileID: 0}
    - target: {fileID: 100044, guid: 5a35c5f0a89b9654d897ccd7c8f81bd0, type: 3}
      propertyPath: m_Layer
      value: 0
      objectReference: {fileID: 0}
    - target: {fileID: 100046, guid: 5a35c5f0a89b9654d897ccd7c8f81bd0, type: 3}
      propertyPath: m_Layer
      value: 0
      objectReference: {fileID: 0}
    - target: {fileID: 100048, guid: 5a35c5f0a89b9654d897ccd7c8f81bd0, type: 3}
      propertyPath: m_Layer
      value: 0
      objectReference: {fileID: 0}
    - target: {fileID: 100050, guid: 5a35c5f0a89b9654d897ccd7c8f81bd0, type: 3}
      propertyPath: m_Layer
      value: 0
      objectReference: {fileID: 0}
    - target: {fileID: 100052, guid: 5a35c5f0a89b9654d897ccd7c8f81bd0, type: 3}
      propertyPath: m_Layer
      value: 0
      objectReference: {fileID: 0}
    - target: {fileID: 100054, guid: 5a35c5f0a89b9654d897ccd7c8f81bd0, type: 3}
      propertyPath: m_Layer
      value: 0
      objectReference: {fileID: 0}
    - target: {fileID: 100056, guid: 5a35c5f0a89b9654d897ccd7c8f81bd0, type: 3}
      propertyPath: m_Layer
      value: 0
      objectReference: {fileID: 0}
    - target: {fileID: 100058, guid: 5a35c5f0a89b9654d897ccd7c8f81bd0, type: 3}
      propertyPath: m_Layer
      value: 0
      objectReference: {fileID: 0}
    - target: {fileID: 100060, guid: 5a35c5f0a89b9654d897ccd7c8f81bd0, type: 3}
      propertyPath: m_Layer
      value: 0
      objectReference: {fileID: 0}
    - target: {fileID: 100062, guid: 5a35c5f0a89b9654d897ccd7c8f81bd0, type: 3}
      propertyPath: m_Layer
      value: 0
      objectReference: {fileID: 0}
    - target: {fileID: 100064, guid: 5a35c5f0a89b9654d897ccd7c8f81bd0, type: 3}
      propertyPath: m_Layer
      value: 0
      objectReference: {fileID: 0}
    - target: {fileID: 100066, guid: 5a35c5f0a89b9654d897ccd7c8f81bd0, type: 3}
      propertyPath: m_Layer
      value: 0
      objectReference: {fileID: 0}
    - target: {fileID: 100068, guid: 5a35c5f0a89b9654d897ccd7c8f81bd0, type: 3}
      propertyPath: m_Layer
      value: 0
      objectReference: {fileID: 0}
    - target: {fileID: 100070, guid: 5a35c5f0a89b9654d897ccd7c8f81bd0, type: 3}
      propertyPath: m_Layer
      value: 0
      objectReference: {fileID: 0}
    - target: {fileID: 100072, guid: 5a35c5f0a89b9654d897ccd7c8f81bd0, type: 3}
      propertyPath: m_Layer
      value: 0
      objectReference: {fileID: 0}
    - target: {fileID: 100074, guid: 5a35c5f0a89b9654d897ccd7c8f81bd0, type: 3}
      propertyPath: m_Layer
      value: 0
      objectReference: {fileID: 0}
    - target: {fileID: 100076, guid: 5a35c5f0a89b9654d897ccd7c8f81bd0, type: 3}
      propertyPath: m_Layer
      value: 0
      objectReference: {fileID: 0}
    - target: {fileID: 100078, guid: 5a35c5f0a89b9654d897ccd7c8f81bd0, type: 3}
      propertyPath: m_Name
      value: Body
      objectReference: {fileID: 0}
    - target: {fileID: 100078, guid: 5a35c5f0a89b9654d897ccd7c8f81bd0, type: 3}
      propertyPath: m_Layer
      value: 0
      objectReference: {fileID: 0}
    - target: {fileID: 400078, guid: 5a35c5f0a89b9654d897ccd7c8f81bd0, type: 3}
      propertyPath: m_LocalPosition.x
      value: 0
      objectReference: {fileID: 0}
    - target: {fileID: 400078, guid: 5a35c5f0a89b9654d897ccd7c8f81bd0, type: 3}
      propertyPath: m_LocalPosition.y
      value: 0
      objectReference: {fileID: 0}
    - target: {fileID: 400078, guid: 5a35c5f0a89b9654d897ccd7c8f81bd0, type: 3}
      propertyPath: m_LocalPosition.z
      value: 0
      objectReference: {fileID: 0}
    - target: {fileID: 400078, guid: 5a35c5f0a89b9654d897ccd7c8f81bd0, type: 3}
      propertyPath: m_LocalRotation.x
      value: -0
      objectReference: {fileID: 0}
    - target: {fileID: 400078, guid: 5a35c5f0a89b9654d897ccd7c8f81bd0, type: 3}
      propertyPath: m_LocalRotation.y
      value: -0
      objectReference: {fileID: 0}
    - target: {fileID: 400078, guid: 5a35c5f0a89b9654d897ccd7c8f81bd0, type: 3}
      propertyPath: m_LocalRotation.z
      value: -0
      objectReference: {fileID: 0}
    - target: {fileID: 400078, guid: 5a35c5f0a89b9654d897ccd7c8f81bd0, type: 3}
      propertyPath: m_LocalRotation.w
      value: 1
      objectReference: {fileID: 0}
    - target: {fileID: 400078, guid: 5a35c5f0a89b9654d897ccd7c8f81bd0, type: 3}
      propertyPath: m_RootOrder
      value: 0
      objectReference: {fileID: 0}
    - target: {fileID: 400078, guid: 5a35c5f0a89b9654d897ccd7c8f81bd0, type: 3}
      propertyPath: m_LocalEulerAnglesHint.x
      value: 0
      objectReference: {fileID: 0}
    - target: {fileID: 400078, guid: 5a35c5f0a89b9654d897ccd7c8f81bd0, type: 3}
      propertyPath: m_LocalEulerAnglesHint.y
      value: 0
      objectReference: {fileID: 0}
    - target: {fileID: 400078, guid: 5a35c5f0a89b9654d897ccd7c8f81bd0, type: 3}
      propertyPath: m_LocalEulerAnglesHint.z
      value: 0
      objectReference: {fileID: 0}
    - target: {fileID: 400078, guid: 5a35c5f0a89b9654d897ccd7c8f81bd0, type: 3}
      propertyPath: m_LocalScale.x
      value: 19
      objectReference: {fileID: 0}
    - target: {fileID: 400078, guid: 5a35c5f0a89b9654d897ccd7c8f81bd0, type: 3}
      propertyPath: m_LocalScale.y
      value: 19
      objectReference: {fileID: 0}
    - target: {fileID: 400078, guid: 5a35c5f0a89b9654d897ccd7c8f81bd0, type: 3}
      propertyPath: m_LocalScale.z
      value: 19
      objectReference: {fileID: 0}
    - target: {fileID: 9500000, guid: 5a35c5f0a89b9654d897ccd7c8f81bd0, type: 3}
      propertyPath: m_Controller
      value: 
      objectReference: {fileID: 9100000, guid: db6e8f419e634084ead59e08b786d6f0, type: 2}
    m_RemovedComponents: []
  m_SourcePrefab: {fileID: 100100000, guid: 5a35c5f0a89b9654d897ccd7c8f81bd0, type: 3}
--- !u!1 &6502892236570537148 stripped
GameObject:
  m_CorrespondingSourceObject: {fileID: 100078, guid: 5a35c5f0a89b9654d897ccd7c8f81bd0,
    type: 3}
  m_PrefabInstance: {fileID: 6502892236570569298}
  m_PrefabAsset: {fileID: 0}
--- !u!4 &6502892236570177692 stripped
Transform:
  m_CorrespondingSourceObject: {fileID: 400078, guid: 5a35c5f0a89b9654d897ccd7c8f81bd0,
    type: 3}
  m_PrefabInstance: {fileID: 6502892236570569298}
  m_PrefabAsset: {fileID: 0}
--- !u!1001 &8963501582999498362
PrefabInstance:
  m_ObjectHideFlags: 0
  serializedVersion: 2
  m_Modification:
    m_TransformParent: {fileID: 6502892236692530844}
    m_Modifications:
    - target: {fileID: 2763568857744109108, guid: 2478e11a0a60f024292121f3ec5df91e,
        type: 3}
      propertyPath: m_LocalPosition.x
      value: 0
      objectReference: {fileID: 0}
    - target: {fileID: 2763568857744109108, guid: 2478e11a0a60f024292121f3ec5df91e,
        type: 3}
      propertyPath: m_LocalPosition.y
      value: 0
      objectReference: {fileID: 0}
    - target: {fileID: 2763568857744109108, guid: 2478e11a0a60f024292121f3ec5df91e,
        type: 3}
      propertyPath: m_LocalPosition.z
      value: 0
      objectReference: {fileID: 0}
    - target: {fileID: 2763568857744109108, guid: 2478e11a0a60f024292121f3ec5df91e,
        type: 3}
      propertyPath: m_LocalRotation.x
      value: -0.35355338
      objectReference: {fileID: 0}
    - target: {fileID: 2763568857744109108, guid: 2478e11a0a60f024292121f3ec5df91e,
        type: 3}
      propertyPath: m_LocalRotation.y
      value: 0.35355338
      objectReference: {fileID: 0}
    - target: {fileID: 2763568857744109108, guid: 2478e11a0a60f024292121f3ec5df91e,
        type: 3}
      propertyPath: m_LocalRotation.z
      value: -0.1464466
      objectReference: {fileID: 0}
    - target: {fileID: 2763568857744109108, guid: 2478e11a0a60f024292121f3ec5df91e,
        type: 3}
      propertyPath: m_LocalRotation.w
      value: -0.8535535
      objectReference: {fileID: 0}
    - target: {fileID: 2763568857744109108, guid: 2478e11a0a60f024292121f3ec5df91e,
        type: 3}
      propertyPath: m_RootOrder
      value: 3
      objectReference: {fileID: 0}
    - target: {fileID: 2763568857744109108, guid: 2478e11a0a60f024292121f3ec5df91e,
        type: 3}
      propertyPath: m_LocalEulerAnglesHint.x
      value: 45
      objectReference: {fileID: 0}
    - target: {fileID: 2763568857744109108, guid: 2478e11a0a60f024292121f3ec5df91e,
        type: 3}
      propertyPath: m_LocalEulerAnglesHint.y
      value: 135
      objectReference: {fileID: 0}
    - target: {fileID: 2763568857744109108, guid: 2478e11a0a60f024292121f3ec5df91e,
        type: 3}
      propertyPath: m_LocalEulerAnglesHint.z
      value: 0
      objectReference: {fileID: 0}
    - target: {fileID: 2763568857744109108, guid: 2478e11a0a60f024292121f3ec5df91e,
        type: 3}
      propertyPath: m_AnchoredPosition.x
      value: 0
      objectReference: {fileID: 0}
    - target: {fileID: 2763568857744109108, guid: 2478e11a0a60f024292121f3ec5df91e,
        type: 3}
      propertyPath: m_AnchoredPosition.y
      value: 3.5
      objectReference: {fileID: 0}
    - target: {fileID: 2763568857744109108, guid: 2478e11a0a60f024292121f3ec5df91e,
        type: 3}
      propertyPath: m_SizeDelta.x
      value: 30
      objectReference: {fileID: 0}
    - target: {fileID: 2763568857744109108, guid: 2478e11a0a60f024292121f3ec5df91e,
        type: 3}
      propertyPath: m_SizeDelta.y
      value: 5
      objectReference: {fileID: 0}
    - target: {fileID: 2763568857744109108, guid: 2478e11a0a60f024292121f3ec5df91e,
        type: 3}
      propertyPath: m_AnchorMin.x
      value: 0
      objectReference: {fileID: 0}
    - target: {fileID: 2763568857744109108, guid: 2478e11a0a60f024292121f3ec5df91e,
        type: 3}
      propertyPath: m_AnchorMin.y
      value: 0
      objectReference: {fileID: 0}
    - target: {fileID: 2763568857744109108, guid: 2478e11a0a60f024292121f3ec5df91e,
        type: 3}
      propertyPath: m_AnchorMax.x
      value: 0
      objectReference: {fileID: 0}
    - target: {fileID: 2763568857744109108, guid: 2478e11a0a60f024292121f3ec5df91e,
        type: 3}
      propertyPath: m_AnchorMax.y
      value: 0
      objectReference: {fileID: 0}
    - target: {fileID: 2763568857744109108, guid: 2478e11a0a60f024292121f3ec5df91e,
        type: 3}
      propertyPath: m_Pivot.x
      value: 0.5
      objectReference: {fileID: 0}
    - target: {fileID: 2763568857744109108, guid: 2478e11a0a60f024292121f3ec5df91e,
        type: 3}
      propertyPath: m_Pivot.y
      value: 0.5
      objectReference: {fileID: 0}
    - target: {fileID: 2763568857744109109, guid: 2478e11a0a60f024292121f3ec5df91e,
        type: 3}
      propertyPath: m_Name
      value: HpBarCanvas
      objectReference: {fileID: 0}
    m_RemovedComponents: []
  m_SourcePrefab: {fileID: 100100000, guid: 2478e11a0a60f024292121f3ec5df91e, type: 3}
--- !u!224 &6502892236756041806 stripped
RectTransform:
  m_CorrespondingSourceObject: {fileID: 2763568857744109108, guid: 2478e11a0a60f024292121f3ec5df91e,
    type: 3}
  m_PrefabInstance: {fileID: 8963501582999498362}
  m_PrefabAsset: {fileID: 0}
--- !u!114 &6502892237977227435 stripped
MonoBehaviour:
  m_CorrespondingSourceObject: {fileID: 2763568856282775249, guid: 2478e11a0a60f024292121f3ec5df91e,
    type: 3}
  m_PrefabInstance: {fileID: 8963501582999498362}
  m_PrefabAsset: {fileID: 0}
  m_GameObject: {fileID: 0}
  m_Enabled: 1
  m_EditorHideFlags: 0
  m_Script: {fileID: 11500000, guid: be526d669b2172348856d7701283e552, type: 3}
  m_Name: 
  m_EditorClassIdentifier: 
